
@InProceedings{miquel00,
  author = 	 {Alexandre Miquel},
  title = 	 {Un afficheur générique d'arbres à l'aide de la géométrie hyperbolique},
  booktitle =	 {Onzièmes journées francophones des langages applicatifs (JFLA'00)},
  year =	 2000
}

@Misc{ocaml,
  title =	 {{Le langage Objective Caml}},
  note =	 {\url{http://caml.inria.fr}}
}

@Misc{ocamlgraph,
  title =	 {{La bibliothèque \ocamlgraph}},
  note =	 {\url{http://ocamlgraph.lri.fr}}
}

